<record><leader>00000cas a22000007a 4500</leader><controlfield tag="001">11748547</controlfield><controlfield tag="008">850228d19031906wiuwr ne      0    0eng d</controlfield><datafield ind1=" " ind2=" " tag="010"><subfield code="a">sn 85040277 </subfield></datafield><datafield ind1=" " ind2=" " tag="040"><subfield code="a">NPV</subfield><subfield code="b">eng</subfield><subfield code="c">NPV</subfield><subfield code="d">OCLCQ</subfield></datafield><datafield ind1=" " ind2=" " tag="042"><subfield code="a">msc</subfield></datafield><datafield ind1=" " ind2=" " tag="043"><subfield code="a">n-us-wi</subfield></datafield><datafield ind1=" " ind2=" " tag="045"><subfield code="a">x0x0</subfield></datafield><datafield ind1=" " ind2=" " tag="052"><subfield code="a">4123</subfield><subfield code="b">L2</subfield></datafield><datafield ind1="0" ind2=" " tag="130"><subfield code="a">Weekly chronicle (La Crosse, Wis. : 1903)</subfield></datafield><datafield ind1="1" ind2="4" tag="245"><subfield code="a">The weekly chronicle.</subfield></datafield><datafield ind1="3" ind2="0" tag="246"><subfield code="a">Semi-weekly chronicle</subfield></datafield><datafield ind1=" " ind2=" " tag="260"><subfield code="a">La Crosse, Wis. :</subfield><subfield code="b">[W.E. Barber],</subfield><subfield code="c">1903-1906.</subfield></datafield><datafield ind1=" " ind2=" " tag="300"><subfield code="a">6 v. :</subfield><subfield code="b">ill.</subfield></datafield><datafield ind1=" " ind2=" " tag="310"><subfield code="a">Weekly</subfield></datafield><datafield ind1=" " ind2=" " tag="321"><subfield code="a">Weekly,</subfield><subfield code="b">Jan. 22, 1903</subfield></datafield><datafield ind1=" " ind2=" " tag="321"><subfield code="a">Semiweekly,</subfield><subfield code="b">Jan. 27-May 1, 1903</subfield></datafield><datafield ind1="0" ind2=" " tag="362"><subfield code="a">Vol. 55, no. 26 (Jan. 22, 1903)-v. 60, no. 11 (June 28, 1906).</subfield></datafield><datafield ind1=" " ind2=" " tag="500"><subfield code="a">Title varies: The Semi-weekly Chronicle, Jan. 27-May 1, 1903.</subfield></datafield><datafield ind1=" " ind2=" " tag="500"><subfield code="a">Publisher varies.</subfield></datafield><datafield ind1=" " ind2=" " tag="530"><subfield code="a">Available on microfilm from The State Historical Society of Wisconsin.</subfield></datafield><datafield ind1=" " ind2=" " tag="580"><subfield code="a">Also published in daily ed.: La Crosse morning chronicle (1883-1904), La Crosse Daily Chronicle (1904-1912).</subfield></datafield><datafield ind1=" " ind2=" " tag="752"><subfield code="a">United States</subfield><subfield code="b">Wisconsin</subfield><subfield code="c">La Crosse</subfield><subfield code="d">La Crosse.</subfield></datafield><datafield ind1="1" ind2=" " tag="775"><subfield code="t">Crosse morning chronicle</subfield><subfield code="w">(DLC)sn 85040271</subfield></datafield><datafield ind1="1" ind2=" " tag="775"><subfield code="t">Crosse daily chronicle</subfield><subfield code="w">(DLC)sn 85040272</subfield></datafield><datafield ind1="0" ind2="0" tag="780"><subfield code="t">Crosse semi-weekly chronicle</subfield><subfield code="w">(DLC)sn 85040276</subfield></datafield><datafield ind1="0" ind2="0" tag="785"><subfield code="t">Crosse weekly chronicle</subfield><subfield code="w">(DLC)sn 85040278</subfield></datafield></record>